<?xml version="1.0" encoding="UTF-8"?><collection xmlns="http://www.loc.gov/MARC21/slim"><record><leader>00525nam--2200133-i-4500</leader><controlfield tag="001">000017149</controlfield><controlfield tag="002">20161230</controlfield><controlfield tag="005">20161230201032</controlfield><controlfield tag="008">060222s1000------------r-----000-0-eng-d</controlfield><datafield ind1=" " ind2=" " tag="080"><subfield code="a">621.039.85(061.3)</subfield></datafield><datafield ind1=" " ind2=" " tag="245"><subfield code="a">Isotope techniques in the study of past and cu rrent environmental chages in the hydrosphere and the atmosphere. proceedings of an int.symposium on application s of isotope technique in studyng past and the</subfield></datafield><datafield ind1=" " ind2=" " tag="260"><subfield code="a">Vienna, Int.Atomic Energy Agency, 1993. 624 P</subfield></datafield><datafield ind1=" " ind2=" " tag="490"><subfield code="a">Proceedings Series</subfield></datafield><datafield ind1=" " ind2=" " tag="852"><subfield code="a">80085</subfield></datafield></record></collection>